% Encoding: UTF-8

@Book{Kay1993,
  title     = {Fundamentals of Statistical Signal Processing: Estimation Theory},
  publisher = {Prentice-Hall Inc.},
  year      = {1993},
  author    = {Kay, Steven M.},
}

@Book{VanTrees1968,
  title     = {Detection, Estimation, and Modulation Theory, Part 1},
  publisher = {John John Wiley \& Sons, New York},
  year      = {1968},
  author    = {H. L. Van Trees},
}

@Book{Stoica2005,
  title     = {Spectral Analysis of Signals},
  publisher = {Prentice-Hall Inc.},
  year      = {2005},
  author    = {{P. Stoica, R. L. Moses}},
}

@Book{MowlaeePejman2016,
  title        = {Phase-Aware Signal Processing in Speech Communication: Theory and Practice},
  publisher    = {John Wiley \& Sons},
  year         = {2016},
  author       = {{P. Mowlaee, J. Kulmer, J. Stahl, F. Mayer}},
  isbn         = {978-1-119-23881-2},
  organization = {John Wiley \& Sons},
  pages        = {256},
}